@article{gesche2012continuous,
  title={Continuous blood pressure measurement by using the pulse transit time: comparison to a cuff-based method},
  author={Gesche, Heiko and Grosskurth, Detlef and K{\"u}chler, Gert and Patzak, Andreas},
  journal={European journal of applied physiology},
  volume={112},
  number={1},
  pages={309--315},
  year={2012},
  publisher={Springer}
}

@article{lin2019unexpected,
  title={Unexpected sawtooth artifact in beat-to-beat pulse transit time measured from patient monitor data},
  author={Lin, Yu-Ting and Lo, Yu-Lun and Lin, Chen-Yun and Frasch, Martin G and Wu, Hau-Tieng},
  journal={PloS one},
  volume={14},
  number={9},
  year={2019},
  publisher={Public Library of Science}
}

@book{Iber2007,
  title={The {AASM} Manual for Scoring of Sleep and Associated Events-Rules: Terminology and Technical Specification},
  author={C. Iber and S. Ancoli-Isreal and A. Chesson Jr. and and S. Quan},
  year={2007},
  publisher={American Academy of Sleep Medicine}
  note={This paper}
}



@article{berry2012aasm,
  title={Rules for scoring respiratory events in sleep: update of the 2007 {AASM} Manual for the Scoring of Sleep and Associated Events},
  author={Berry, R. B. and Budhiraja, D. G. and {et al.}},
  journal={J Clin Sleep Med},
  volume={8},
  number={5},
  pages={597-619},
  year={2012}
}



@article{moncada2011reading,
  title={Reading and interpretation of chest X-ray in adults with community-acquired pneumonia},
  author={Moncada, Diana Carolina and Rueda, Zulma Vanessa and Mac{\'\i}as, Antonio and Su{\'a}rez, Tatiana and Ortega, H{\'e}ctor and V{\'e}lez, L{\'a}zaro Agust{\'\i}n},
  journal={The Brazilian Journal of Infectious Diseases},
  volume={15},
  number={6},
  pages={540--546},
  year={2011},
  publisher={Elsevier}
}


@article{venhola2003interobserver,
  title={Interobserver and intra-observer agreement in interpreting urodynamic measurements in children},
  author={Venhola, Mika and Reunanen, Mikko and Taskinen, Seppo and Lahdes-Vasama, Tuija and Uhari, Matti},
  journal={The Journal of urology},
  volume={169},
  number={6},
  pages={2344--2346},
  year={2003},
  publisher={Elsevier}
}

@article{atiya2003interobserver,
  title={Interobserver agreement in the classification of stroke in the Women’s Health Study},
  author={Atiya, Monika and Kurth, Tobias and Berger, Klaus and Buring, Julie E and Kase, Carlos S},
  journal={Stroke},
  volume={34},
  number={2},
  pages={565--567},
  year={2003},
  publisher={Am Heart Assoc}
}

@article{brosnan2015modest,
  title={Modest agreement in ECG interpretation limits the application of ECG screening in young athletes},
  author={Brosnan, Maria and La Gerche, Andre and Kumar, Saurabh and Lo, Wilson and Kalman, Jonathan and Prior, David},
  journal={Heart Rhythm},
  volume={12},
  number={1},
  pages={130--136},
  year={2015},
  publisher={Elsevier}
}

@article{isbister2009inter,
  title={Inter-rater reliability of manual QT measurement and prediction of abnormal QT, HR pairs},
  author={Isbister, Geoffrey K and Calver, Leonie and Van Gorp, Freek and Stokes, Barrie and Page, Colin B},
  journal={Clinical Toxicology},
  volume={47},
  number={9},
  pages={884--888},
  year={2009},
  publisher={Taylor \& Francis}
}


@article{mehta2011agreement,
  title={Agreement in electrocardiogram interpretation in patients with septic shock},
  author={Mehta, Sangeeta and Granton, John and Lapinsky, Stephen E and Newton, Gary and Bandayrel, Kristofer and Little, Anjuli and Siau, Chuin and Cook, Deborah J and Ayers, Dieter and Singer, Joel and others},
  journal={Critical care medicine},
  volume={39},
  number={9},
  pages={2080--2086},
  year={2011},
  publisher={LWW}
}

@article{norman2000interobserver,
  title={Interobserver agreement among sleep scorers from different centers in a large dataset.},
  author={Norman, Robert G and Pal, Ivan and Stewart, Chip and Walsleben, Joyce A and Rapoport, David M},
  journal={Sleep},
  volume={23},
  number={7},
  pages={901--908},
  year={2000}
}


@article{hu2019algorithm,
  title={An algorithm strategy for precise patient monitoring in a connected healthcare enterprise},
  author={Hu, Xiao},
  journal={NPJ digital medicine},
  volume={2},
  number={1},
  pages={1--5},
  year={2019},
  publisher={Nature Publishing Group}
}


@article{choi2017using,
  title={Using recurrent neural network models for early detection of heart failure onset},
  author={Choi, Edward and Schuetz, Andy and Stewart, Walter F and Sun, Jimeng},
  journal={Journal of the American Medical Informatics Association},
  volume={24},
  number={2},
  pages={361--370},
  year={2017},
  publisher={Oxford University Press}
}



@article{fleischman2019emergency,
  title={Emergency department monitor alarms rarely change clinical management: An observational study},
  author={Fleischman, William and Ciliberto, Bethany and Rozanski, Nicole and Parwani, Vivek and Bernstein, Steven L},
  journal={The American journal of emergency medicine},
  year={2019},
  publisher={Elsevier}
}


@article{cvach2012monitor,
  title={Monitor alarm fatigue: an integrative review},
  author={Cvach, Maria},
  journal={Biomedical instrumentation \& technology},
  volume={46},
  number={4},
  pages={268--277},
  year={2012}
}

@article{behar2013ecg,
  title={ECG signal quality during arrhythmia and its application to false alarm reduction},
  author={Behar, Joachim and Oster, Julien and Li, Qiao and Clifford, Gari D},
  journal={IEEE transactions on biomedical engineering},
  volume={60},
  number={6},
  pages={1660--1666},
  year={2013},
  publisher={IEEE}
}

@article{li2012signal,
  title={Signal quality and data fusion for false alarm reduction in the intensive care unit},
  author={Li, Qiao and Clifford, Gari D},
  journal={Journal of electrocardiology},
  volume={45},
  number={6},
  pages={596--603},
  year={2012},
  publisher={Elsevier}
}

@article{winters2018technological,
  title={Technological distractions (part 2): a summary of approaches to manage clinical alarms with intent to reduce alarm fatigue},
  author={Winters, Bradford D and Cvach, Maria M and Bonafide, Christopher P and Hu, Xiao and Konkani, Avinash and O’Connor, Michael F and Rothschild, Jeffrey M and Selby, Nicholas M and Pelter, Michele M and McLean, Barbara and others},
  journal={Critical care medicine},
  volume={46},
  number={1},
  pages={130--137},
  year={2018},
  publisher={LWW}
}

@article{satija2018review,
  title={A review of signal processing techniques for electrocardiogram signal quality assessment},
  author={Satija, Udit and Ramkumar, Barathram and Manikandan, M Sabarimalai},
  journal={IEEE reviews in biomedical engineering},
  volume={11},
  pages={36--52},
  year={2018},
  publisher={IEEE}
}



@article{clifford2016false,
  title={False alarm reduction in critical care},
  author={Clifford, Gari D and Silva, Ikaro and Moody, Benjamin and Li, Qiao and Kella, Danesh and Chahin, Abdullah and Kooistra, Tristan and Perry, Diane and Mark, Roger G},
  journal={Physiological measurement},
  volume={37},
  number={8},
  pages={E5},
  year={2016},
  publisher={IOP Publishing}
}

@article{gambarotta2016review,
  title={A review of methods for the signal quality assessment to improve reliability of heart rate and blood pressures derived parameters},
  author={Gambarotta, Nicol{\`o} and Aletti, Federico and Baselli, Giuseppe and Ferrario, Manuela},
  journal={Medical \& biological engineering \& computing},
  volume={54},
  number={7},
  pages={1025--1035},
  year={2016},
  publisher={Springer}
}

@article{zong2016practical,
  title={A practical algorithm to reduce false critical ECG alarms using arterial blood pressure and/or photoplethysmogram waveforms},
  author={Zong, Wei and Nielsen, Larry and Gross, Brian and Brea, Juan and Frassica, Joseph},
  journal={Physiological measurement},
  volume={37},
  number={8},
  pages={1355},
  year={2016},
  publisher={IOP Publishing}
}

@article{eerikainen2016reduction,
  title={Reduction of false arrhythmia alarms using signal selection and machine learning},
  author={Eerik{\"a}inen, Linda M and Vanschoren, Joaquin and Rooijakkers, Michael J and Vullings, Rik and Aarts, Ronald M},
  journal={Physiological measurement},
  volume={37},
  number={8},
  pages={1204},
  year={2016},
  publisher={IOP Publishing}
}

@article{li2018epidemiology,
  title={Epidemiology of patient monitoring alarms in the neonatal intensive care unit},
  author={Li, Taibo and Matsushima, Minoru and Timpson, Wendy and Young, Susan and Miedema, David and Gupta, Munish and Heldt, Thomas},
  journal={Journal of Perinatology},
  volume={38},
  number={8},
  pages={1030--1038},
  year={2018},
  publisher={Nature Publishing Group}
}

@article{krasteva2016real,
  title={Real-time arrhythmia detection with supplementary ECG quality and pulse wave monitoring for the reduction of false alarms in ICUs},
  author={Krasteva, Vessela and Jekova, Irena and Leber, Remo and Schmid, Ramun and Ab{\"a}cherli, Roger},
  journal={Physiological measurement},
  volume={37},
  number={8},
  pages={1273},
  year={2016},
  publisher={IOP Publishing}
}


@article{au2019reduction,
  title={Reduction of false alarms in the intensive care unit using an optimized machine learning based approach},
  author={Au-Yeung, Wan-Tai M and Sahani, Ashish K and Isselbacher, Eric M and Armoundas, Antonis A},
  journal={NPJ Digital Medicine},
  volume={2},
  number={1},
  pages={1--5},
  year={2019},
  publisher={Nature Publishing Group}
}

@article{drew2014insights,
  title={Insights into the problem of alarm fatigue with physiologic monitor devices: a comprehensive observational study of consecutive intensive care unit patients},
  author={Drew, Barbara J and Harris, Patricia and Zegre-Hemsey, Jessica K and Mammone, Tina and Schindler, Daniel and Salas-Boni, Rebeca and Bai, Yong and Tinoco, Adelita and Ding, Quan and Hu, Xiao},
  journal={PloS one},
  volume={9},
  number={10},
  year={2014},
  publisher={Public Library of Science}
}


@article{wang2020false,
  title={False alarms reduction in non-convulsive status epilepticus detection via continuous EEG analysis},
  author={Wang, Ying and Long, Xi and van Dijk, Hans and Aarts, Ronald M and Wang, Lei and Arends, Johan BAM},
  journal={Physiological Measurement},
  year={2020},
  publisher={IOP Publishing}
}


@article{bai2015integrating,
  title={Integrating monitor alarms with laboratory test results to enhance patient deterioration prediction},
  author={Bai, Yong and Do, Duc H and Harris, Patricia Rae Eileen and Schindler, Daniel and Boyle, Noel G and Drew, Barbara J and Hu, Xiao},
  journal={Journal of biomedical informatics},
  volume={53},
  pages={81--92},
  year={2015},
  publisher={Elsevier}
}



@article{Johnson2016,
author = {Johnson, Alistair E W and Ghassemi, Mohammad M. and Nemati, Shamim and Niehaus, Katherine E. and Clifton, David and Clifford, Gari D.},
journal = {Proceedings of the IEEE},
number = {2},
pages = {444--466},
title = {{Machine Learning and Decision Support in Critical Care}},
volume = {104},
year = {2016}
}



@article{Cannesson2016,
author = {Cannesson, Maxime and Shafer, Steven L.},
journal = {Anesthesia and Analgesia},
number = {2},
pages = {309--317},
title = {{All boxes are black}},
volume = {122},
year = {2016}
}

@article{Shelley2016,
author = {Shelley, Kirk H. and Barker, Steven J.},
journal = {Anesthesia and Analgesia},
number = {2},
pages = {307--308},
title = {{Disclosures, what is necessary and sufficient?}},
volume = {122},
year = {2016}
}

@article{Nizami2013,
author = {Nizami, Shermeen and Green, James R. and McGregor, Carolyn},
issn = {19373333},
journal = {IEEE Reviews in Biomedical Engineering},
pages = {127--142},
title = {{Implementation of artifact detection in critical care: A methodological review}},
volume = {6},
year = {2013}
}

@article{Feldman2006,
author = {Feldman, Jeffrey M.},
journal = {Anesthesia and Analgesia},
number = {5},
pages = {1071--1072},
title = {{Can clinical monitors be used as scientific instruments?}},
volume = {103},
year = {2006}
}


@article{Ruskin2005,
author = {Ruskin, Keith J. and Shelley, Kirk H.},
issn = {00032999},
journal = {Anesthesia and Analgesia},
number = {5},
pages = {1361--1362},
title = {{Patent medicine and the "black box"}},
volume = {100},
year = {2005}
}



@book{topol2019deep,
  title={Deep medicine: how artificial intelligence can make healthcare human again},
  author={Topol, Eric},
  year={2019},
  publisher={Hachette UK}
}

@article{esteva2017dermatologist,
  title={Dermatologist-level classification of skin cancer with deep neural networks},
  author={Esteva, Andre and Kuprel, Brett and Novoa, Roberto A and Ko, Justin and Swetter, Susan M and Blau, Helen M and Thrun, Sebastian},
  journal={Nature},
  volume={542},
  number={7639},
  pages={115--118},
  year={2017},
  publisher={Nature Publishing Group}
}

@book{wachter2015digital,
  title={The digital doctor: hope, hype, and harm at the dawn of medicine's computer age},
  author={Wachter, Robert M},
  year={2015},
  publisher={McGraw-Hill Education New York}
}

@article{Mukherjee2017,
    title={A.I. versus M.D.: What Happens when diagnosis is automated?},
    author={Siddhartha Mukherjee},
    year={2017},
    month={April},
    journal={The New Yorker}
}

@article{ashby1957introduction,
  title={An introduction to cybernetics},
  author={Ashby, W Ross},
  year={1957},
  publisher={Chapman \& Hall Ltd.}
}

@article{licklider1960man,
  title={Man-computer symbiosis},
  author={Licklider, Joseph CR},
  journal={IRE transactions on human factors in electronics},
  number={1},
  pages={4--11},
  year={1960},
  publisher={IEEE}
}

@article{engelbart1962augmenting,
  title={Augmenting human intellect: A conceptual framework},
  author={Engelbart, Douglas C},
  journal={Menlo Park, CA},
  year={1962}
}

