@book{topol2019deep,
  title={Deep medicine: how artificial intelligence can make healthcare human again},
  author={Topol, Eric},
  year={2019},
  publisher={Hachette UK}
}

@article{esteva2017dermatologist,
  title={Dermatologist-level classification of skin cancer with deep neural networks},
  author={Esteva, Andre and Kuprel, Brett and Novoa, Roberto A and Ko, Justin and Swetter, Susan M and Blau, Helen M and Thrun, Sebastian},
  journal={Nature},
  volume={542},
  number={7639},
  pages={115--118},
  year={2017},
  publisher={Nature Publishing Group}
}

@book{wachter2015digital,
  title={The digital doctor: hope, hype, and harm at the dawn of medicine's computer age},
  author={Wachter, Robert M},
  year={2015},
  publisher={McGraw-Hill Education New York}
}

@article{Mukherjee2017,
    title={A.I. versus M.D.: What Happens when diagnosis is automated?},
    author={Siddhartha Mukherjee},
    year={2017},
    month={April},
    journal={The New Yorker}
}

@article{ashby1957introduction,
  title={An introduction to cybernetics},
  author={Ashby, W Ross},
  year={1957},
  publisher={Chapman \& Hall Ltd.}
}

@article{licklider1960man,
  title={Man-computer symbiosis},
  author={Licklider, Joseph CR},
  journal={IRE transactions on human factors in electronics},
  number={1},
  pages={4--11},
  year={1960},
  publisher={IEEE}
}

@article{engelbart1962augmenting,
  title={Augmenting human intellect: A conceptual framework},
  author={Engelbart, Douglas C},
  journal={Menlo Park, CA},
  year={1962}
}